@book{mackay2003information,
  title     = {Information theory, inference and learning algorithms},
  author    = {MacKay, David JC},
  year      = {2003},
  publisher = {Cambridge university press}
}


@techreport{var,
  author      = {Kevin Kotz√©},
  institution = {School of Economic},
  title       = {Vector autoregression models},
  year        = {2023},
  url         = {https://kevin-kotze.gitlab.io/tsm/ts-10-note/}
}

@book{pacf,
  author    = {Peter J. Brockwell, Richard A. Davis},
  editor    = {R. DeVeaux, S. Fienberg, I. Olkin},
  publisher = {Springer},
  title     = {Introduction to Time Series and Forecasting},
  year      = {2016}
}